
@article{humphrey2005university,
  title={{The University of Virginia campus Grid: Integrating Grid technologies with the campus information infrastructure}},
  author={Humphrey, M. and Wasson, G.},
  journal={Advances in Grid Computing-EGC 2005},
  pages={50--58},
  year={2005},
  publisher={Springer}
}


@conference{bose2004mars,
  title={{Mars: A metascheduler for distributed resources in campus grids}},
  author={Bose, A. and Wickman, B. and Wood, C.},
  booktitle={Proceedings of the 5th IEEE/ACM International Workshop on Grid Computing},
  pages={110--118},
  isbn={0769522564},
  year={2004},
  organization={IEEE Computer Society}
}


@conference{wallom2006oxgrid,
  title={{Oxgrid, a campus grid for the university of oxford}},
  author={Wallom, D.C.H. and Trefethen, A.E.},
  booktitle={Proceedings of the UK e-Science All Hands Meeting},
  year={2006}
}




